@article{shallow,
	author = {Barbara Solenthaler and Peter Bucher and Nuttapong Chentanez and Matthias M\"{u}ller and and Markus Gross},
	title = {SPH Based Shallow Water Simulation},
	editor = {J. Bender and K. Erleben and E. Galin},
	year = 2011,
	url = {http://matthias-mueller-fischer.ch/publications/SPHShallow.pdf}
}

@article{wave,
	title = {Real-time Water Simulation with Wave Particles on the GPU},
	author = {Daniel Mike\v{s}},
	year = 2015,
	url = {http://old.cescg.org/CESCG-2015/papers/Mikes-Real-time_Water_Simulation_with_Wave_Particles_on_the_GPU.pdf}
}

@article{height,
	title = {Real-Time Fluid Simulation Using Height Fields},
	author = {B\'{a}lint Mikl\'{o}s},
	year = 2004,
	url = {http://www.balintmiklos.com/layered_water.pdf}
}

@online{roxlu,
	url = {http://roxlu.com/2013/024/height-field-simulation-on-gpu},
	title = {Height Field Simulation on GPU},
	author = {roxlu},
	year = 2013
}

@online{ppt,
	url = {http://matthias-mueller-fischer.ch/talks/GDC2008.pdf},
	author = {Matthias M\"{u}ller-Fischer},
	year = 2008,
	title = {Fast Water Simulation for Games Using Height Fields}
}

@online{zz,
	title = {Height field fluids simulation and shallow water equation},
	author = {Zejia Zheng},
	date = {06/02/2014},
	url = {http://zejiazheng.com/?p=87}
}